@book{folland1999real,
  title={Real Analysis: Modern Techniques and Their Applications},
  author={Folland, G.B.},
  isbn={9780471317166},
  lccn={98037260},
  series={Pure and Applied Mathematics: A Wiley Series of Texts, Monographs and Tracts},
  url={https://books.google.com/books?id=N8jVDwAAQBAJ},
  year={1999},
  publisher={Wiley}
}

@book{rotman1999introduction,
  title={An Introduction to the Theory of Groups},
  author={Rotman, J.},
  isbn={9780387942858},
  lccn={94006507},
  series={Graduate Texts in Mathematics},
  url={https://books.google.com/books?id=lYrsiaHSHKcC},
  year={1999},
  publisher={Springer New York}
}

@book{milnor1974characteristic,
  title={Characteristic Classes},
  author={Milnor, J.W. and Stasheff, J.D.},
  isbn={9780691081229},
  lccn={lc72004050},
  series={Annals of mathematics studies},
  url={https://books.google.com/books?id=5zQ9AFk1i4EC},
  year={1974},
  publisher={Princeton University Press}
}

